@article{userguide,
	doi = {10.1016/j.physrep.2016.09.002},
  
	url = {https://doi.org/10.1016%2Fj.physrep.2016.09.002},
  
	year = 2016,
	month = 11,
  
	publisher = {Elsevier {BV}
},
  
	volume = {659},
  
	pages = {1--44},
  
	author = {Santo Fortunato and Darko Hric},
  
	title = {Community detection in networks: A user guide},
  
	journal = {Physics Reports}
}
@misc{deeplearning,
      title={A Survey of Community Detection Approaches: From Statistical Modeling to Deep Learning}, 
      author={Di Jin and Zhizhi Yu and Pengfei Jiao and Shirui Pan and Dongxiao He and Jia Wu and Philip S. Yu and Weixiong Zhang},
      year={2021},
      eprint={2101.01669},
      archivePrefix={arXiv},
      primaryClass={cs.SI}
}
@misc{Emmanuel2023,
      title={Community Detection and Stochastic Block Models}, 
      author={Emmanuel Abbe},
      year={2023},
      eprint={1703.10146},
      archivePrefix={arXiv},
      primaryClass={math.PR}
}
@article{TheSurvey,
  title={The Computer Science and Physics of Community Detection: Landscapes, Phase Transitions, and Hardness},
  author={Cristopher Moore},
  journal={Bull. EATCS},
  year={2017},
  volume={121},
  url={https://api.semanticscholar.org/CorpusID:1213533}
}
@article{TheConjecture,
  author  = {Emmanuel Abbe},
  title   = {Community Detection and Stochastic Block Models: Recent Developments},
  journal = {Journal of Machine Learning Research},
  year    = {2018},
  volume  = {18},
  number  = {177},
  pages   = {1--86},
  url     = {http://jmlr.org/papers/v18/16-480.html}
}
@article{refpurpose,
   title={Asymptotic analysis of the stochastic block model for modular networks and its algorithmic applications},
   volume={84},
   ISSN={1550-2376},
   url={http://dx.doi.org/10.1103/PhysRevE.84.066106},
   DOI={10.1103/physreve.84.066106},
   number={6},
   journal={Physical Review E},
   publisher={American Physical Society (APS)},
   author={Decelle, Aurelien and Krzakala, Florent and Moore, Cristopher and Zdeborov√°, Lenka},
   year={2011},
   month=dec }
